<mx:record xmlns="http://www.w3.org/TR/xhtml1/strict" xmlns:mx="http://www.loc.gov/MARC21/slim" xmlns:xsi="http://www.w3.org/2001/XMLSchema-instance"><mx:leader>00000cz   2200000n  4500</mx:leader><mx:controlfield tag="001">oca00600814 </mx:controlfield><mx:controlfield tag="005">19910318110354.2</mx:controlfield><mx:controlfield tag="008">811023n| acannaab|          |a aaa |||  </mx:controlfield><mx:datafield ind1=" " ind2=" " tag="010"><mx:subfield code="a">n  81055336</mx:subfield></mx:datafield><mx:datafield ind1=" " ind2=" " tag="040"><mx:subfield code="a">DLC</mx:subfield><mx:subfield code="c">DLC</mx:subfield><mx:subfield code="d">DLC</mx:subfield></mx:datafield><mx:datafield ind1="0" ind2=" " tag="100"><mx:subfield code="a">Hero,</mx:subfield><mx:subfield code="c">of Alexandria</mx:subfield></mx:datafield><mx:datafield ind1="0" ind2=" " tag="400"><mx:subfield code="a">Heron,</mx:subfield><mx:subfield code="c">of Alexandria</mx:subfield></mx:datafield><mx:datafield ind1="0" ind2=" " tag="400"><mx:subfield code="a">Herone Alessandrino</mx:subfield></mx:datafield><mx:datafield ind1="0" ind2=" " tag="400"><mx:subfield code="a">Heron Alexandrinus</mx:subfield></mx:datafield><mx:datafield ind1="0" ind2=" " tag="400"><mx:subfield code="a">Heron,</mx:subfield><mx:subfield code="c">von Alexandria</mx:subfield></mx:datafield><mx:datafield ind1="1" ind2=" " tag="400"><mx:subfield code="a">Alessandrino, Herone</mx:subfield></mx:datafield><mx:datafield ind1="1" ind2=" " tag="400"><mx:subfield code="a">Alexandrinus, Heron</mx:subfield></mx:datafield><mx:datafield ind1="0" ind2=" " tag="400"><mx:subfield code="a">Īrun al-Iskandarānī</mx:subfield></mx:datafield><mx:datafield ind1="0" ind2=" " tag="400"><mx:subfield code="a">Héron,</mx:subfield><mx:subfield code="c">d&amp;#039;Alexandrie</mx:subfield></mx:datafield><mx:datafield ind1=" " ind2=" " tag="670"><mx:subfield code="a">His Herons von Alexandria Druckwerke und Automatentheater, 1899</mx:subfield><mx:subfield code="b">(Herons von Alexandria)</mx:subfield></mx:datafield><mx:datafield ind1=" " ind2=" " tag="670"><mx:subfield code="a">His Les mécaniques, ou, L&amp;#039;élévateur des corps lourds, 1988:</mx:subfield><mx:subfield code="b">t.p. (Héron d&amp;#039;Alexandrie) added t.p. (Īrun al-Iskandarānī)</mx:subfield></mx:datafield><mx:datafield ind1=" " ind2=" " tag="678"><mx:subfield code="a">Mathematician</mx:subfield></mx:datafield><mx:datafield ind1=" " ind2=" " tag="999"><mx:subfield code="a">11577</mx:subfield></mx:datafield></mx:record>